<?xml version="1.0"?>
<record xmlns="http://www.loc.gov/MARC21/slim">
  <leader>06208cas a2201201 a 4500</leader>
  <controlfield tag="001">governmentest1989</controlfield>
  <controlfield tag="003">CaSfIA</controlfield>
  <controlfield tag="005">20151008010651.0</controlfield>
  <controlfield tag="007">cr||||||||||||</controlfield>
  <controlfield tag="008">850430d19861996abcar    s   s0   a0eng  </controlfield>
  <datafield tag="010" ind1=" " ind2=" ">
    <subfield code="a">   87658039 </subfield>
    <subfield code="z">cn 89089020</subfield>
  </datafield>
  <datafield tag="016" ind1=" " ind2=" ">
    <subfield code="a">89089020X</subfield>
  </datafield>
  <datafield tag="022" ind1="0" ind2=" ">
    <subfield code="a">0842-4810</subfield>
  </datafield>
  <datafield tag="035" ind1=" " ind2=" ">
    <subfield code="a">ocm15203546</subfield>
  </datafield>
  <datafield tag="040" ind1=" " ind2=" ">
    <subfield code="a">DLC</subfield>
    <subfield code="b">eng</subfield>
    <subfield code="c">DLC</subfield>
    <subfield code="d">NST</subfield>
    <subfield code="d">DLC</subfield>
    <subfield code="d">NST</subfield>
    <subfield code="d">CaOONL</subfield>
    <subfield code="d">DLC</subfield>
    <subfield code="d">OCoLC</subfield>
    <subfield code="d">CaSfIA</subfield>
  </datafield>
  <datafield tag="042" ind1=" " ind2=" ">
    <subfield code="a">pcc</subfield>
    <subfield code="a">nlc</subfield>
    <subfield code="a">isds/c</subfield>
  </datafield>
  <datafield tag="043" ind1=" " ind2=" ">
    <subfield code="a">n-cn-ab</subfield>
  </datafield>
  <datafield tag="049" ind1=" " ind2=" ">
    <subfield code="a">AEU</subfield>
    <subfield code="b">eng</subfield>
    <subfield code="d">AEE</subfield>
  </datafield>
  <datafield tag="050" ind1="0" ind2="0">
    <subfield code="a">HJ13</subfield>
    <subfield code="b">.A715h</subfield>
  </datafield>
  <datafield tag="050" ind1=" " ind2="4">
    <subfield code="a">HJ 9353 A3</subfield>
    <subfield code="b">A33</subfield>
  </datafield>
  <datafield tag="090" ind1=" " ind2=" ">
    <subfield code="a">HJ 13 A8 A34</subfield>
    <subfield code="b">AEE</subfield>
  </datafield>
  <datafield tag="090" ind1=" " ind2=" ">
    <subfield code="a">HJ 13 A8 A34</subfield>
    <subfield code="b">AEAG</subfield>
  </datafield>
  <datafield tag="090" ind1=" " ind2=" ">
    <subfield code="a">HJ 13 A82</subfield>
    <subfield code="b">AGPC</subfield>
  </datafield>
  <datafield tag="090" ind1=" " ind2=" ">
    <subfield code="a">GOV DOC CA2 AL T E7542</subfield>
    <subfield code="b">AEU</subfield>
  </datafield>
  <datafield tag="110" ind1="1" ind2=" ">
    <subfield code="a">Alberta.</subfield>
  </datafield>
  <datafield tag="210" ind1="0" ind2=" ">
    <subfield code="a">Gov. estim.</subfield>
    <subfield code="b">(Edmont.)</subfield>
  </datafield>
  <datafield tag="222" ind1=" " ind2="0">
    <subfield code="a">Government estimates</subfield>
    <subfield code="b">(Edmonton)</subfield>
  </datafield>
  <datafield tag="245" ind1="1" ind2="0">
    <subfield code="a">Government estimates.</subfield>
    <subfield code="h">[electronic resource] </subfield>
  </datafield>
  <datafield tag="260" ind1=" " ind2=" ">
    <subfield code="a">[Edmonton, Alta. :</subfield>
    <subfield code="b">Province of Alberta,</subfield>
    <subfield code="c">1985-1995]</subfield>
  </datafield>
  <datafield tag="300" ind1=" " ind2=" ">
    <subfield code="a">11 v. :</subfield>
    <subfield code="b">ill. ;</subfield>
    <subfield code="c">28 cm.</subfield>
  </datafield>
  <datafield tag="310" ind1=" " ind2=" ">
    <subfield code="a">Annual.</subfield>
  </datafield>
  <datafield tag="336" ind1=" " ind2=" ">
    <subfield code="a">text</subfield>
    <subfield code="b">txt</subfield>
    <subfield code="2">rdacontent</subfield>
  </datafield>
  <datafield tag="337" ind1=" " ind2=" ">
    <subfield code="a">unmediated</subfield>
    <subfield code="b">n</subfield>
    <subfield code="2">rdamedia</subfield>
  </datafield>
  <datafield tag="338" ind1=" " ind2=" ">
    <subfield code="a">volume</subfield>
    <subfield code="b">nc</subfield>
    <subfield code="2">rdacarrier</subfield>
  </datafield>
  <datafield tag="362" ind1="0" ind2=" ">
    <subfield code="a">1985/86-1995/96.</subfield>
  </datafield>
  <datafield tag="515" ind1=" " ind2=" ">
    <subfield code="a">For the fiscal year ending Mar. 31.</subfield>
  </datafield>
  <datafield tag="515" ind1=" " ind2=" ">
    <subfield code="a">Two issues released for 1993/1994: one tabled May 1993 and one tabled September 1993.</subfield>
  </datafield>
  <datafield tag="515" ind1=" " ind2=" ">
    <subfield code="a">Abridged version also issued for 1993/1994 including only Details of 8 Ministries.</subfield>
  </datafield>
  <datafield tag="550" ind1=" " ind2=" ">
    <subfield code="a">Presented by the Provincial Treasurer.</subfield>
  </datafield>
  <datafield tag="580" ind1=" " ind2=" ">
    <subfield code="a">Merged with: Alberta. Lottery fund estimates, to become: Alberta. Government and lottery fund estimates.</subfield>
  </datafield>
  <datafield tag="596" ind1=" " ind2=" ">
    <subfield code="a">2 38 43</subfield>
  </datafield>
  <datafield tag="650" ind1=" " ind2="0">
    <subfield code="a">Finance, Public</subfield>
    <subfield code="z">Alberta</subfield>
    <subfield code="v">Periodicals.</subfield>
  </datafield>
  <datafield tag="651" ind1=" " ind2="0">
    <subfield code="a">Alberta</subfield>
    <subfield code="x">Appropriations and expenditures</subfield>
    <subfield code="v">Statistics</subfield>
    <subfield code="v">Periodicals.</subfield>
  </datafield>
  <datafield tag="710" ind1="1" ind2=" ">
    <subfield code="a">Alberta.</subfield>
    <subfield code="b">Alberta Treasury.</subfield>
  </datafield>
  <datafield tag="770" ind1="0" ind2=" ">
    <subfield code="a">Alberta.</subfield>
    <subfield code="t">Estimates of expenditure. Supplementary information. Element details</subfield>
    <subfield code="g">1985/86</subfield>
  </datafield>
  <datafield tag="770" ind1="0" ind2=" ">
    <subfield code="a">Alberta.</subfield>
    <subfield code="t">Supplementary information. Reconciliation of historical data</subfield>
    <subfield code="g">1985/86</subfield>
  </datafield>
  <datafield tag="770" ind1="0" ind2=" ">
    <subfield code="a">Alberta.</subfield>
    <subfield code="t">Government estimates and capital fund estimates. Supplementary information, element details</subfield>
    <subfield code="g">1986/87-1992/93</subfield>
  </datafield>
  <datafield tag="770" ind1="0" ind2=" ">
    <subfield code="a">Alberta.</subfield>
    <subfield code="t">Government estimates. Element details</subfield>
    <subfield code="x">1188-8253</subfield>
    <subfield code="g">1993/94-&lt;1994/95&gt;</subfield>
  </datafield>
  <datafield tag="770" ind1="0" ind2=" ">
    <subfield code="a">Alberta.</subfield>
    <subfield code="t">Estimates update, government and Legislative Assembly estimates</subfield>
    <subfield code="g">&lt;1986/87&gt;</subfield>
    <subfield code="x">0842-4837</subfield>
  </datafield>
  <datafield tag="780" ind1="0" ind2="0">
    <subfield code="a">Alberta.</subfield>
    <subfield code="t">Estimates of expenditure ... government estimates</subfield>
    <subfield code="x">0828-1092</subfield>
    <subfield code="w">(DLC) 84642905</subfield>
    <subfield code="w">(OCoLC)10644505</subfield>
    <subfield code="w">(CaOONL) 85089011X</subfield>
  </datafield>
  <datafield tag="785" ind1="1" ind2="7">
    <subfield code="a">Alberta.</subfield>
    <subfield code="t">Lottery fund estimates</subfield>
    <subfield code="x">1195-5414</subfield>
  </datafield>
  <datafield tag="785" ind1="1" ind2="7">
    <subfield code="a">Alberta.</subfield>
    <subfield code="t">Government and lottery fund estimates</subfield>
    <subfield code="x">1207-3814</subfield>
    <subfield code="w">(DLC)cn 96803567</subfield>
    <subfield code="w">(OCoLC)36273396</subfield>
  </datafield>
  <datafield tag="856" ind1="4" ind2="1">
    <subfield code="u">http://archive.org/details/governmentest1989</subfield>
    <subfield code="z">Free eBook from the Internet Archive</subfield>
  </datafield>
</record>
